<?xml version="1.0" encoding="UTF-8"?><collection xmlns="http://www.loc.gov/MARC21/slim"><record><leader>00418nam--2200133-i-4500</leader><controlfield tag="001">000036906</controlfield><controlfield tag="002">20161230</controlfield><controlfield tag="005">20161230201041</controlfield><controlfield tag="008">060222s1000------------r-----000-0-eng-d</controlfield><datafield ind1=" " ind2=" " tag="100"><subfield code="a">Plisson, J</subfield></datafield><datafield ind1=" " ind2=" " tag="245"><subfield code="a">La detection de rupture de gaines</subfield></datafield><datafield ind1=" " ind2=" " tag="260"><subfield code="a">Marcoule, C.E.A., 1963, 19p.+ 9 Fig</subfield></datafield><datafield ind1=" " ind2=" " tag="490"><subfield code="a">Conference De Vienne, 4-8 Juin 1963, Experience Pratique Du Fonctionnement Des Reacteurs De Puissance</subfield></datafield><datafield ind1=" " ind2=" " tag="852"><subfield code="a">21034</subfield></datafield></record></collection>